<collection xmlns="http://www.loc.gov/MARC21/slim"><record><leader>00754nam  2200217   450</leader><controlfield tag="001">562</controlfield><controlfield tag="003">http://montalegre.opacnet.com/OPAC/default.aspx?ContentAreaControl=ShowRegHoldings.ascx&amp;RegNo=16662</controlfield><datafield tag="095" ind1=" " ind2=" "><subfield code="a">PTBN00010514</subfield></datafield><datafield tag="100" ind1=" " ind2=" "><subfield code="a">19860901d1986    k  y0pora010305  ba</subfield></datafield><datafield tag="101" ind1="1" ind2=" "><subfield code="a">por</subfield><subfield code="c">ger</subfield></datafield><datafield tag="102" ind1=" " ind2=" "><subfield code="a">PT</subfield></datafield><datafield tag="200" ind1="1" ind2=" "><subfield code="a">&lt;O &gt;crespúsculo das deusas</subfield><subfield code="f">Hans Hellmut Kirst</subfield><subfield code="g">trad. Veronika de Vasconcelos</subfield></datafield><datafield tag="210" ind1=" " ind2=" "><subfield code="a">Mem Martins</subfield><subfield code="c">Europa-América</subfield><subfield code="d">[D.L. 1986]</subfield></datafield><datafield tag="215" ind1=" " ind2=" "><subfield code="a">224 p.</subfield><subfield code="d">21 cm</subfield></datafield><datafield tag="225" ind1="2" ind2=" "><subfield code="a">Século XX</subfield><subfield code="v">261</subfield></datafield><datafield tag="304" ind1=" " ind2=" "><subfield code="a">Tít. orig. Blitzmadel</subfield></datafield><datafield tag="675" ind1=" " ind2=" "><subfield code="a">821</subfield><subfield code="v">bn</subfield><subfield code="z">por</subfield></datafield><datafield tag="700" ind1=" " ind2="1"><subfield code="a">Kirst</subfield><subfield code="b">Hans Hellmut</subfield><subfield code="f">1914-1989</subfield></datafield><datafield tag="702" ind1=" " ind2="1"><subfield code="a">Vasconcelos</subfield><subfield code="b">Veronika Siebelist de</subfield><subfield code="4">730</subfield></datafield><datafield tag="801" ind1=" " ind2="0"><subfield code="a">PT</subfield><subfield code="b">Biblioteca Municipal de Montalegre</subfield><subfield code="g">RPC</subfield></datafield><datafield tag="856" ind1=" " ind2=" "><subfield code="u">locateMedia.asp?cod=20060518115727&amp;ext=jpg</subfield><subfield code="z">CAPA</subfield></datafield><datafield tag="909" ind1="&#9;" ind2=" "><subfield code="a">1</subfield></datafield><datafield tag="966" ind1=" " ind2=" "><subfield code="a">0008701</subfield><subfield code="l">BMM</subfield><subfield code="s">SCG 821 KIR cre 261</subfield></datafield></record></collection>